@article{Keshav,
    author = {Keshav, S.},
    title = {How to Read a Paper},
    journal = {SIGCOMM Comput. Commun. Rev.},
    issue_date = {July 2007},
    volume = {37},
    number = {3},
    month = jul,
    year = {2007},
    issn = {0146-4833},
    pages = {83--84},
    numpages = {2},
    url = {http://doi.acm.org/10.1145/1273445.1273458},
    doi = {10.1145/1273445.1273458},
    acmid = {1273458},
    publisher = {ACM},
    address = {New York, NY, USA},
    keywords = {hints, paper, reading},
}
@article{dosovitskiy2020image,
  title={An image is worth 16x16 words: Transformers for image recognition at scale},
  author={Dosovitskiy, Alexey and Beyer, Lucas and Kolesnikov, Alexander and Weissenborn, Dirk and Zhai, Xiaohua and Unterthiner, Thomas and Dehghani, Mostafa and Minderer, Matthias and Heigold, Georg and Gelly, Sylvain and others},
  journal={arXiv preprint arXiv:2010.11929},
  year={2020}
} 
@inproceedings{egonmwan2019transformer,
  title={Transformer and seq2seq model for paraphrase generation},
  author={Egonmwan, Elozino and Chali, Yllias},
  booktitle={Proceedings of the 3rd Workshop on Neural Generation and Translation},
  pages={249--255},
  year={2019}
}
@inproceedings{liu2021swin,
  title={Swin transformer: Hierarchical vision transformer using shifted windows},
  author={Liu, Ze and Lin, Yutong and Cao, Yue and Hu, Han and Wei, Yixuan and Zhang, Zheng and Lin, Stephen and Guo, Baining},
  booktitle={Proceedings of the IEEE/CVF International Conference on Computer Vision},
  pages={10012--10022},
  year={2021}
}
@article{vaswani2017attention,
  title={Attention is all you need},
  author={Vaswani, Ashish and Shazeer, Noam and Parmar, Niki and Uszkoreit, Jakob and Jones, Llion and Gomez, Aidan N and Kaiser, {\L}ukasz and Polosukhin, Illia},
  journal={Advances in neural information processing systems},
  volume={30},
  year={2017}
}
@article{sutskever2014sequence,
  title={Sequence to sequence learning with neural networks},
  author={Sutskever, Ilya and Vinyals, Oriol and Le, Quoc V},
  journal={Advances in neural information processing systems},
  volume={27},
  year={2014}
}
@inproceedings{zhang2019self,
  title={Self-attention generative adversarial networks},
  author={Zhang, Han and Goodfellow, Ian and Metaxas, Dimitris and Odena, Augustus},
  booktitle={International conference on machine learning},
  pages={7354--7363},
  year={2019},
  organization={PMLR}
}
@inproceedings{li2019neural,
  title={Neural speech synthesis with transformer network},
  author={Li, Naihan and Liu, Shujie and Liu, Yanqing and Zhao, Sheng and Liu, Ming},
  booktitle={Proceedings of the AAAI Conference on Artificial Intelligence},
  volume={33},
  number={01},
  pages={6706--6713},
  year={2019}
}
@inproceedings{woo2018cbam,
  title={Cbam: Convolutional block attention module},
  author={Woo, Sanghyun and Park, Jongchan and Lee, Joon-Young and Kweon, In So},
  booktitle={Proceedings of the European conference on computer vision (ECCV)},
  pages={3--19},
  year={2018}
}
@inproceedings{touvron2021training,
  title={Training data-efficient image transformers \& distillation through attention},
  author={Touvron, Hugo and Cord, Matthieu and Douze, Matthijs and Massa, Francisco and Sablayrolles, Alexandre and J{\'e}gou, Herv{\'e}},
  booktitle={International Conference on Machine Learning},
  pages={10347--10357},
  year={2021},
  organization={PMLR}
}
@article{beyer2022better,
  title={Better plain ViT baselines for ImageNet-1k},
  author={Beyer, Lucas and Zhai, Xiaohua and Kolesnikov, Alexander},
  journal={arXiv preprint arXiv:2205.01580},
  year={2022}
}
@article{zhou2021deepvit,
  title={Deepvit: Towards deeper vision transformer},
  author={Zhou, Daquan and Kang, Bingyi and Jin, Xiaojie and Yang, Linjie and Lian, Xiaochen and Jiang, Zihang and Hou, Qibin and Feng, Jiashi},
  journal={arXiv preprint arXiv:2103.11886},
  year={2021}
}
@inproceedings{touvron2021going,
  title={Going deeper with image transformers},
  author={Touvron, Hugo and Cord, Matthieu and Sablayrolles, Alexandre and Synnaeve, Gabriel and J{\'e}gou, Herv{\'e}},
  booktitle={Proceedings of the IEEE/CVF International Conference on Computer Vision},
  pages={32--42},
  year={2021}
}
@inproceedings{yuan2021tokens,
  title={Tokens-to-token vit: Training vision transformers from scratch on imagenet},
  author={Yuan, Li and Chen, Yunpeng and Wang, Tao and Yu, Weihao and Shi, Yujun and Jiang, Zi-Hang and Tay, Francis EH and Feng, Jiashi and Yan, Shuicheng},
  booktitle={Proceedings of the IEEE/CVF International Conference on Computer Vision},
  pages={558--567},
  year={2021}
}
@article{hassani2021escaping,
  title={Escaping the big data paradigm with compact transformers},
  author={Hassani, Ali and Walton, Steven and Shah, Nikhil and Abuduweili, Abulikemu and Li, Jiachen and Shi, Humphrey},
  journal={arXiv preprint arXiv:2104.05704},
  year={2021}
}
@software{lucidrainsvitpytorch,
  author = {Phil Wang},
  month = {12},
  title = {{vit pytorch}},
  url = {https://github.com/lucidrains/vit-pytorch},
  year = {2021}
}
@inproceedings{xiong2021nystromformer,
  title={Nystr{\"o}mformer: A nystr{\"o}m-based algorithm for approximating self-attention},
  author={Xiong, Yunyang and Zeng, Zhanpeng and Chakraborty, Rudrasis and Tan, Mingxing and Fung, Glenn and Li, Yin and Singh, Vikas},
  booktitle={Proceedings of the AAAI Conference on Artificial Intelligence},
  volume={35},
  number={16},
  pages={14138--14148},
  year={2021}
}
@misc{autodl,
  title = {{autodl} GPU renting},
  howpublished = {\url{https://www.autodl.com/home}},
  note = {Accessed: 2023-01-15}
}
@inproceedings{bossard2014food,
  title={Food-101--mining discriminative components with random forests},
  author={Bossard, Lukas and Guillaumin, Matthieu and Van Gool, Luc},
  booktitle={European conference on computer vision},
  pages={446--461},
  year={2014},
  organization={Springer}
}
@incollection{jain2022hugging,
  title={Hugging Face},
  author={Jain, Shashank Mohan},
  booktitle={Introduction to Transformers for NLP},
  pages={51--67},
  year={2022},
  publisher={Springer}
}
